@article{rodoplu:2020,
  title={A Multi-Scale Algorithm for Joint Forecasting-Scheduling to Solve the Massive Access Problem of IoT},
  author={V. Rodoplu, M. Nakıp and  D. Tursel Eliiyi and C. Guzelis},
  journal={Internet of Things Journal},
  volume={7},
  number={9},
  pages={8572--8589},
  year={2020},
  publisher={IEEE}
}

@article{Boutaba:2018,
  title={A comprehensive survey on machine learning for networking: Evolution applications and research opportunities},
  author={R. Boutaba and al},
  journal={J. Internet Serv. Appl},
  volume={9},
  number={1},
  pages={16},
  year={2018},
  publisher={Oxford University Press}
}

@article{Chinchali:2018,
  title={Cellular network traffic scheduling with deep reinforcement learning},
  author={S. Chinchali and al},
  journal={32nd AAAI Conf. Artif},
  volume={32},
  number={1},
  pages={766-774},
  year={2018},
  publisher={32nd AAAI Conf. Artif}
}

@article{survey:2018,
  title={A survey on non-orthogonal multiple access for 5G networks: Research challenges and future trends},
  author={Z. Ding, X. Lei and G. Karagiannidis and R. Schober and J. Yuan, V. Bhargava},
  journal={Journal on Selected Areas in Communications},
  volume={35},
  number={10},
  pages={2181-2195},
  year={2017},
  publisher={IEEE}
}

@book{dunod,
  author = {P. Zanella and Y. Ligier and E.Lazard},
  year = {2018},
  title = {Architecture et technologie des ordinateurs},
  publisher = {Dunod},
  address = {France},
  edition = {6}
}

@article{survey:2018,
  title={Mitigating the Massive Access Problem in the Internet of Things},
  author={E. Gelenbe, M. Nakıp and D. Marek and T. Czachorski},
  journal={Communications in Computer and Information Science},
  volume={1596},
  number={10},
  pages={2181-2195},
  year={2017},
  publisher={Springer}
}
