@article{sang:2020,
  title={A Predictability Analysis of Network Traffic},
  author={Aimin Sang San-qi Li},
  journal={Internet of Things Journal},
  volume={7},
  number={9},
  pages={8572--8589},
  year={2020},
  publisher={IEEE}
}

@article{Boutaba:2018,
  title={A comprehensive survey on machine learning for networking: Evolution applications and research opportunities},
  author={R. Boutaba and al},
  journal={J. Internet Serv. Appl},
  volume={9},
  number={1},
  pages={16},
  year={2018},
  publisher={Springer}
}

@article{Chinchali:2018,
  title={Cellular network traffic scheduling with deep reinforcement learning},
  author={S. Chinchali and al},
  journal={32nd AAAI Conf. Artif},
  volume={32},
  number={1},
  pages={766-774},
  year={2018},
  publisher={32nd AAAI Conf. Artif}
}

@article{survey:2018,
  title={A survey on non-orthogonal multiple access for 5G networks: Research challenges and future trends},
  author={Z. Ding, X. Lei and G. Karagiannidis and R. Schober and J. Yuan, V. Bhargava},
  journal={Journal on Selected Areas in Communications},
  volume={35},
  number={10},
  pages={2181-2195},
  year={2017},
  publisher={IEEE}
}

@book{dunod,
  author = {P. Zanella and Y. Ligier and E.Lazard},
  year = {2018},
  title = {Architecture et technologie des ordinateurs},
  publisher = {Dunod},
  address = {France},
  edition = {6}
}

@article{li:2000,
  title={A Predictability Analysis of Network Traffic},
  author={A. Sang and S. Li},
  journal={IEEE},
  volume={},
  number={},
  pages={},
  year={2000},
  publisher={IEEE}
}

@article{qiao:2000,
  title={An empirical study of the multiscale predictability of network traffic},
  author={Y. Qiao and J. Skicewicz and P. Dinda},
  journal={IEEE},
  volume={},
  number={},
  pages={76},
  year={2004},
  publisher={IEEE}
}

@article{rodoplu:2020,
  title={A Multi-Scale Algorithm for Joint Forecasting-Scheduling to Solve the Massive Access Problem of IoT},
  author={V. Rodoplu and M. NakÄ±p and  D. Tursel Eliiyi and C. Guzelis},
  journal={Internet of Things Journal},
  volume={7},
  number={9},
  pages={8572--8589},
  year={2020},
  publisher={IEEE}
}